\let\cleardoublepage\clearpage
%% ----------------------------------------------------------------
%% ECS.bib
%% ---------------------------------------------------------------- 
@MISC{i2cpdf,
  author =       {Allan G. Weber},
  title =        {Using the I2C Interface on the
  ATmega328P and MC908JL16},
  year =         {2016},
  url =          {http://ee-classes.usc.edu/ee459/library/documents/I2C.pdf}
},
@MISC{i2clibrary,
	author =       {g4lvanix},
	title =        {I2C Master library},
	year =         {2015},
	url =          {https://github.com/g4lvanix/I2C-master-lib}
},
@MISC{atmega_datasheet,
	author =       {Atmel},
	title =        {Atmel 8-bit Microcontroller Datasheet},
	year =         {2015},
	url =          {http://www.atmel.com/images/Atmel-8271-8-bit-AVR-Microcontroller-ATmega48A-48PA-88A-88PA-168A-168PA-328-328P_datasheet_Complete.pdf}
},
@MISC{reg_map,
	author =       {Kris Winer},
	title =        {MPU9250.h},
	year =         {2016},
	url =          {https://github.com/kriswiner/MPU-9250/blob/master/STM32F401/MPU9250.h}
},
@MISC{reg_map_pdf,
	author =       {InvenSense},
	title =        {MPU-9250 Register Map and Descriptions},
	year =         {2013},
	url =          {https://cdn.sparkfun.com/assets/learn_tutorials/5/5/0/MPU-9250-Register-Map.pdf}
},
@MISC{MPU-9250_lib,
	author =       {SparkFun},
	title =        {SparkFun\_MPU-9250\_Breakout\_Arduino\_Library},
	year =         {2017},
	url =          {https://github.com/sparkfun/SparkFun_MPU-9250_Breakout_Arduino_Library/tree/master/src}
},
@MISC{MPU-6050_lib,
	author =       {Jeff Rowberg},
	title =        {I2C device library collection for AVR/Arduino or other C++-based MCUs},
	year =         {2016},
	url =          {https://github.com/jrowberg/i2cdevlib}
},
@MISC{display_lib,
	author =       {HobbyComponents},
	title =        {An Arduino library for the MAX7219 driver },
	year =         {2015},
	url =          {https://github.com/HobbyComponents/HCMAX7219}
},
@MISC{sensor_cal,
	author =       {Luis Rodenas},
	title =        {MPU-6050\_calibration},
	year =         {2014},
	url =          {https://www.i2cdevlib.com/forums/topic/96-arduino-sketch-to-automatically-calculate-mpu6050-offsets/}
}
